<record><leader>00000cas a2200000Ia 4500</leader><controlfield tag="001">7654414</controlfield><controlfield tag="008">810810d18581858ohumr n       0    0eng d</controlfield><datafield ind1=" " ind2=" " tag="010"><subfield code="a">sn 89076156 </subfield></datafield><datafield ind1=" " ind2=" " tag="040"><subfield code="a">OUN</subfield><subfield code="c">OUN</subfield><subfield code="d">NPX</subfield><subfield code="d">ONP</subfield><subfield code="d">OCLCQ</subfield></datafield><datafield ind1=" " ind2=" " tag="090"><subfield code="a">F497.W3</subfield><subfield code="b">W37</subfield></datafield><datafield ind1="0" ind2=" " tag="130"><subfield code="a">Washington County register (Marietta, Ohio)</subfield></datafield><datafield ind1="1" ind2="0" tag="245"><subfield code="a">Washington County register.</subfield></datafield><datafield ind1=" " ind2=" " tag="260"><subfield code="a">Marietta, Ohio :</subfield><subfield code="b">E. Winchester,</subfield><subfield code="c">1858.</subfield></datafield><datafield ind1=" " ind2=" " tag="300"><subfield code="a">v. :</subfield><subfield code="b">ill. ;</subfield><subfield code="c">34 cm.</subfield></datafield><datafield ind1="0" ind2=" " tag="362"><subfield code="a">Vol. 1, no. 1 (June 1, 1858)-v. 1, no. 6 (Dec. 1858).</subfield></datafield><datafield ind1="0" ind2="0" tag="785"><subfield code="t">Home news (Marietta, Ohio : 1859)</subfield><subfield code="w">(DLC)sn 85026127</subfield></datafield><datafield ind1=" " ind2=" " tag="994"><subfield code="a">11</subfield><subfield code="b">OCL</subfield><subfield code="i">00002</subfield></datafield></record>